<record><leader>00000cas a22000007a 4500</leader><controlfield tag="001">60631024</controlfield><controlfield tag="008">050614d187u1878tnuwr ne      0    0eng d</controlfield><datafield ind1=" " ind2=" " tag="010"><subfield code="a">sn2005062334</subfield></datafield><datafield ind1=" " ind2=" " tag="040"><subfield code="a">TGN</subfield><subfield code="b">eng</subfield><subfield code="c">TGN</subfield><subfield code="d">TGN</subfield><subfield code="d">OCLCQ</subfield><subfield code="d">OCLCF</subfield></datafield><datafield ind1=" " ind2=" " tag="019"><subfield code="a">495478148</subfield></datafield><datafield ind1="1" ind2=" " tag="029"><subfield code="a">AU@</subfield><subfield code="b">000027395220</subfield></datafield><datafield ind1=" " ind2=" " tag="042"><subfield code="a">msc</subfield></datafield><datafield ind1=" " ind2=" " tag="043"><subfield code="a">n-us-tn</subfield></datafield><datafield ind1="0" ind2="4" tag="245"><subfield code="a">The weekly mountain news.</subfield></datafield><datafield ind1=" " ind2=" " tag="260"><subfield code="a">Sewanee, Tenn. :</subfield><subfield code="b">University News Co.</subfield></datafield><datafield ind1=" " ind2=" " tag="300"><subfield code="a">1 v.</subfield></datafield><datafield ind1=" " ind2=" " tag="310"><subfield code="a">Weekly</subfield></datafield><datafield ind1="1" ind2=" " tag="362"><subfield code="a">Began in 187? Ceased in 1878.</subfield></datafield><datafield ind1=" " ind2=" " tag="500"><subfield code="a">Editor: Wm. M. Harlow.</subfield></datafield><datafield ind1=" " ind2=" " tag="500"><subfield code="a">"A weekly record of local and current events. Free, frank, fearless."</subfield></datafield><datafield ind1=" " ind2=" " tag="588"><subfield code="a">Description based on: Old ser., vol. 6, whole no. 107 (May 11, 1878).</subfield></datafield><datafield ind1=" " ind2="0" tag="651"><subfield code="a">Sewanee (Tenn.)</subfield><subfield code="v">Newspapers.</subfield></datafield><datafield ind1=" " ind2="0" tag="651"><subfield code="a">Franklin County (Tenn.)</subfield><subfield code="v">Newspapers.</subfield></datafield><datafield ind1=" " ind2="7" tag="655"><subfield code="a">Newspapers.</subfield><subfield code="2">fast</subfield><subfield code="0">(OCoLC)fst01423814</subfield></datafield><datafield ind1=" " ind2="7" tag="651"><subfield code="a">Tennessee</subfield><subfield code="z">Franklin County.</subfield><subfield code="2">fast</subfield><subfield code="0">(OCoLC)fst01207052</subfield></datafield><datafield ind1=" " ind2="7" tag="651"><subfield code="a">Tennessee</subfield><subfield code="z">Sewanee.</subfield><subfield code="2">fast</subfield><subfield code="0">(OCoLC)fst01206340</subfield></datafield><datafield ind1="1" ind2=" " tag="700"><subfield code="a">Harlow, William M.</subfield></datafield><datafield ind1=" " ind2=" " tag="752"><subfield code="a">United States</subfield><subfield code="b">Tennessee</subfield><subfield code="c">Franklin</subfield><subfield code="d">Sewanee.</subfield></datafield><datafield ind1="0" ind2="0" tag="780"><subfield code="t">News (Sewanee, Tenn.)</subfield><subfield code="w">(DLC)sn2005062333</subfield><subfield code="w">(OCoLC)60630913</subfield></datafield><datafield ind1="0" ind2="0" tag="785"><subfield code="t">Semi-weekly university news</subfield><subfield code="w">(DLC)sn2005062335</subfield><subfield code="w">(OCoLC)60631320</subfield></datafield></record>